@book{Kang2015MonteCarlo,
  title={蒙特卡罗方法理论和应用},
  author={康崇禄},
  publisher={科学出版社},
  year={2015},
}

@book{Blues2016Edos,
  title={我的大脑敞开了},
  author={布鲁斯·谢克特},
  publisher={上海译文出版社},
  year={2016},
}

@book{Shu1995Uniform,
  title={Uniform Random Numbers: Theory and Practice},
  author={Shu, Tezuka},
  pages={98–113},
  year={1995},
}

@article{TausskyGeneration,
  title={Generation and testing of pseudo-random numbers.},
  author={Taussky, Olga and Todd, John},
  journal={Symposium on Monte Carlo Methods University of Florida},
  pages={15-28},
}

@article{Lehmer1949Mathematical,
  title={Mathematical Methods in Large-Scale Computing Units},
  author={Lehmer, D. H},
  journal={Proc. of 2nd Symp. on Large-Scale Digital Calculating Machinery},
  volume={26},
  pages={141-146},
  year={1949},
}

@article{Rotenberg1960A,
  title={A New Pseudo-Random Number Generator},
  author={Rotenberg},
  journal={Journal of the Acm},
  volume={7},
  number={1},
  pages={75-77},
  year={1960},
}

@book{Fishman1995Monte,
  title={Monte Carlo: Concepts, Algorithms, and Applications. Springer Series in Operations Research},
  author={Fishman, George S.},
  journal={Series in Operations Research},
  volume={75},
  number={2},
  publisher={Springer-Verlag},
  year={1995},
}

@article{Marsaglia1968Random,
  title={Random Numbers Fall Mainly in the Planes},
  author={Marsaglia, George},
  journal={Proceedings of the National Academy of Sciences of the United States of America},
  volume={61},
  number={1},
  pages={25-28},
  year={1968},
}

@book{Lidl1986Introduction,
  title={Introduction to finite fields and their applications},
  author={Lidl, Rudolf and Niederreiter, Harald},
  publisher={Cambridge University Press},
  pages={439},
  year={1986},
}

@article{Deng2003A,
  title={A system of high-dimensional, efficient, long-cycle and portable uniform random number generators},
  author={Deng, Lih Yuan and Xu, Hongquan},
  journal={Acm Transactions on Modeling \& Computer Simulation},
  volume={13},
  number={4},
  pages={299-309},
  year={2003},
}

@article{Shu1993On,
  title={On the lattice structure of the add-with-carry and subtract-with-borrow random number generators},
  author={Shu, Tezuka and L'Ecuyer, Pierre and Couture, Raymond},
  journal={Acm Transactions on Modeling \& Computer Simulation},
  volume={3},
  number={4},
  pages={315-331},
  year={1993},
}

@inproceedings{Brent1992Uniform,
  title={Uniform Random Number Generators for Supercomputers},
  author={Brent, Richard P.},
  booktitle={Proc Fifth Australian Supercomputer Conference},
  pages={95--104},
  year={1992},
}

@article{Shu1991Efficient,
  title={Efficient and portable combined Tausworthe random number generators},
  author={Shu, Tezuka and L'Ecuyer, Pierre},
  journal={Acm Transactions on Modeling \& Computer Simulation},
  volume={1},
  number={2},
  pages={99-112},
  year={1991},
}

@article{L1991Structural,
  title={Structural Properties for Two Classes of Combined Random Number Generators},
  author={L'Ecuyer, Pierre and Shu, Tezuka},
  journal={Mathematics of Computation},
  volume={57},
  number={196},
  pages={735-746},
  year={1991},
}

@article{Rose2014KISS,
  title={KISS: A bit too simple},
  author={Rose, Gregory G.},
  journal={Cryptography \& Communications},
  volume={2011},
  pages={1-15},
  year={2014},
}

@article{Marsaglia1990Toward,
  title={Toward a Universal Random Number Generator},
  author={Marsaglia, George and Tsang, Zaman Wai Wan},
  journal={Statistics \& Probability Letters},
  volume={9},
  number={1},
  pages={35-39},
  year={1990},
}

@article{Marsaglia2004The,
  title={The 64-bit universal RNG},
  author={Marsaglia, George and Tsang, Wai Wan},
  journal={Statistics \& Probability Letters},
  volume={66},
  number={2},
  pages={183-187},
  year={2004},
}

@article{Fischer1999Good,
  title={Good Parameters and Implementations for Combined Multiple Recursive Random Number Generators},
  author={Fischer, Gregory W. and Carmon, Ziv and Dan, Ariely and Zauberman, Gal and L'Ecuyer, Pierre},
  journal={Operations Research},
  volume={47},
  number={1},
  pages={159-164},
  year={1999},
}

@article{Matsumoto1992Twisted,
  title={Twisted GFSR generators},
  author={Matsumoto, Makoto and Kurita, Yoshiharu},
  journal={Acm Transactions on Modeling \& Computer Simulation},
  volume={2},
  number={3},
  pages={179-194},
  year={1992},
}

@article{Matsumoto1994Twisted,
  title={Twisted GFSR generators II},
  author={Matsumoto, Makoto and Kurita, Yoshiharu},
  journal={Acm Transactions on Modeling \& Computer Simulation},
  volume={4},
  number={3},
  pages={254-266},
  year={1994},
}

@article{Matsumoto1998Mersenne,
  title={Mersenne twister:a 623-dimensionally equidistributed uniform pseudo-random number generator},
  author={Matsumoto, Makoto and Nishimura, Takuji},
  journal={Acm Transactions on Modeling \& Computer Simulation},
  volume={8},
  number={1},
  pages={3-30},
  year={1998},
}

@article{Matsumoto2000Dynamic,
  title={Dynamic Creation of Pseudorandom number generator},
  author={Matsumoto, M},
  journal={Monte Carlo and Quasi-Monte Carlo methods 1998},
  volume={48},
  number={6},
  pages={R4211-R4214},
  year={2000},
}

@inproceedings{Saito2008SIMD,
  title={SIMD-Oriented Fast Mersenne Twister: a 128-bit Pseudorandom Number Generator},
  author={Saito, Mutsuo and Matsumoto, Makoto},
  booktitle={and Quasi-Monte Carlo Methods 2006},
  pages={607-622},
  year={2008},
}

@book{Niederreiter1992Random,
  title={Random number generation and quasi-Monte Carlo methods},
  author={Niederreiter, Harald},
  publisher={Society for Industrial and Applied Mathematics},
  pages={147–153},
  year={1992},
}

@book{Provatas2010Phase,
  title={Phase-Field Methods in Materials Science and Engineering},
  author={Provatas, Nikolas and Elder, Ken},
  publisher={Wiley-VCH},
  pages={págs. 20-21},
  year={2010},
}

@book{Biner2017Programming,
  title={Programming Phase-Field Modeling},
  publisher={Springer International Publishing},
  year={2017},
}

@article{Hoare1962Quicksort,
  title={Quicksort},
  author={Hoare, C. A. R},
  journal={Computer Journal},
  volume={5},
  number={1},
  pages={10-15},
  year={1962},
}

@inproceedings{Ulam1947On,
  title={On Combination of Stochastic and Deterministic Processes},
  author={Ulam, S. M},
  booktitle={Bull. Amer. Math. Soc},
  year={1947},
}

@book{Hastings1955Approximations,
  title={Approximations for digital computers},
  author={Hastings, Cecil, Jr},
  publisher={Princeton University Press,},
  pages={192},
  year={1955},
}

@article{R1986Finite,
  title={Finite Element Methods for Navier-Stokes Equations},
  author={R Glowinski, And and Pironneau, O.},
  journal={Nasa Sti/recon Technical Report A},
  volume={87},
  number={24},
  pages={x+374},
  year={1986},
}

@article{Pang2012Multigrid,
  title={Multigrid method for fractional diffusion equations},
  author={Pang, Hong Kui and Sun, Hai Wei},
  journal={Journal of Computational Physics},
  volume={231},
  number={2},
  pages={693-703},
  year={2012},
}

@article{Mackenzie2000The,
  title={The Numerical Solution of One-Dimensional Phase Change Problems Using an Adaptive Moving Mesh Method},
  author={Mackenzie, J. A. and Robertson, M. L.},
  journal={Journal of Computational Physics},
  volume={161},
  number={2},
  pages={537-557},
  year={2000},
}

@article{Pardalos1991Quadratic,
  title={Quadratic programming with one negative eigenvalue is NP-hard},
  author={Pardalos, Panos M. and Vavasis, Stephen A.},
  journal={Journal of Global Optimization},
  volume={1},
  number={1},
  pages={15-22},
  year={1991},
}

@article{Mosteller1951Remarks,
  title={Remarks on the method of paired comparisons: I. The least squares solution assuming equal standard deviations and equal correlations},
  author={Mosteller, Frederick},
  journal={Psychometrika},
  volume={16},
  number={1},
  pages={3-9},
  year={1951},
}

@article{B2009Approximation,
  title={Approximation hardness of deadline-TSP reoptimization ☆},
  author={B&#xF6 and ckenhauer, Hans-Joachim and Kneis, Joachim and Kupke, Joachim},
  journal={Theoretical Computer Science},
  volume={410},
  number={21–23},
  pages={2241-2249},
  year={2009},
}

@article{Doyle1984Random,
  title={Random Walks and Electric Networks},
  author={Doyle, Peter G and Snell, J. Laurie},
  volume={22},
  number={2},
  pages={595-599},
  year={1984},
}

@article{Bertsekas1973A,
  title={A descent numerical method for optimization problems with nondifferentiable cost functionals},
  author={Bertsekas, Dimitri P. and Mitter, Sanjoy K.},
  journal={Siam Journal on Control},
  volume={11},
  number={4},
  pages={637-652},
  year={1973},
}

@article{Tortelli1979Option,
  title={Option Pricing: A Simplified Approach.},
  author={Tortelli, R and Ruggieri, M and Cortese, R and D'Errico, E and Capozzo, R and Leo, A and Mastrapasqua, M and Zoccolella, S and Leante, R and Livrea, P},
  journal={Journal of Financial Economics},
  volume={7},
  number={3},
  pages={229-263},
  year={1979},
}

@article{Babu1973The,
  title={The finite element method with Lagrangian multipliers},
  author={Babuška, Ivo},
  journal={Numerische Mathematik},
  volume={20},
  number={3},
  pages={179-192},
  year={1973},
}

@article{Frenzel1993Genetic,
  title={Genetic algorithms},
  author={Frenzel, J. F},
  journal={Potentials IEEE},
  volume={12},
  number={3},
  pages={21-24},
  year={1993},
}

@article{Kitano1990Designing                  ,
  title={Designing Neural Networks Using Genetic
Algorithms with Graph Generation System},
  author={Hiroaki Kitano},
  journal={Complex Systems},
  volume={4},
  pages={461-476},
  year={1990},
}

@article{Black1973The,
  title={The Pricing of Options and Corporate Liabilities},
  author={Black, Fischer and Scholes, Myron},
  journal={Journal of Political Economy},
  volume={81},
  number={3},
  pages={637-654},
  year={1973},
}

@article{von195113,
  title={13. various techniques used in connection with random digits},
  author={Von Neumann, John},
  journal={Appl. Math Ser},
  volume={12},
  number={36-38},
  pages={5},
  year={1951}
}

@inproceedings{Blum1972Linear,
  title={Linear time bounds for median computations},
  author={Blum, Manuel and Floyd, Robert W. and Pratt, Vaughan and Rivest, Ronald L. and Tarjan, Robert E.},
  booktitle={ACM Symposium on Theory of Computing, May 1-3, 1972, Denver, Colorado, Usa},
  pages={119-124},
  year={1972},
}

@article{Marsaglia1977The,
  title={The squeeze method for generating gamma variates},
  author={Marsaglia, George},
  journal={Computers \& Mathematics with Applications},
  volume={3},
  number={4},
  pages={321-325},
  year={1977},
}

@article{Box1958A,
  title={A Note on the Generation of Random Normal Deviates},
  author={Box, G. E. P. and Muller, Mervin E.},
  journal={Annals of Mathematical Statistics},
  volume={29},
  number={2},
  pages={610-611},
  year={1958},
}

@book{Marsaglia1964A,
  title={A fast procedure for generating normal random variables},
  author={Marsaglia, G. and Maclaren, M. D. and Bray, T. A.},
  publisher={ACM},
  pages={4-10},
  year={1964},
}

@article{Dieter1973A,
  title={A combinatorial method for the generation of normally distributed random numbers},
  author={Dieter, U. and Ahrens, J. H.},
  journal={Computing},
  volume={11},
  number={2},
  pages={137-146},
  year={1973},
}

@article{Ahrens1988Efficient,
  title={Efficient table-free sampling methods for the exponential, Cauchy, and normal distributions},
  author={Ahrens, Joachim H and Dieter, Ulrich},
  journal={Communications of the Acm},
  volume={31},
  number={11},
  pages={1330-1337},
  year={1988},
}

@article{Wassily1963Probability,
  title={Probability Inequalities for Sums of Bounded Random Variables},
  author={Wassily Hoeffding},
  journal={Publications of the American Statistical Association},
  volume={58},
  number={301},
  pages={13-30},
  year={1963},
}

@book{Abramowitz1970Handbook,
  title={Handbook of Mathematical Functions with Tables},
  author={Abramowitz, M and Stegun, I},
  publisher={U.S. Govt. Print. Off.,},
  pages={944-944},
  year={1970},
}

@article{barabasi1999emergence,
  title={Emergence of scaling in random networks},
  author={Barab{\'a}si, Albert-L{\'a}szl{\'o} and Albert, R{\'e}ka},
  journal={science},
  volume={286},
  number={5439},
  pages={509--512},
  year={1999},
  publisher={American Association for the Advancement of Science}
}

@book{Purcell2005Non,
  title={Non-blocking Hashtables with Open Addressing},
  author={Purcell, Chris and Harris, Tim},
  publisher={Springer Berlin Heidelberg},
  pages={108-121},
  year={2005},
}

@article{Blyth1983Binomial,
  title={Binomial Confidence Intervals},
  author={Blyth, Colin R. and Still, Harold A.},
  journal={Publications of the American Statistical Association},
  volume={78},
  number={381},
  pages={108-116},
  year={1983},
}

@article{Provan1984Computing,
  title={Computing Network Reliability in Time Polynomial in the Number of Cuts},
  author={Provan, J. Scott and Ball, Michael O.},
  journal={Operations Research},
  volume={32},
  number={3},
  pages={516-526},
  year={1984},
}

@book{Kanglishan1994,
  title={非数值并行算法（第一册）模拟退火算法},
  author={康立山},
  publisher={科学出版社},
  pages={244},
  year={1994},
}

@article{KirkpatrickGelattVecchi83,
  title={Optimization by Simulated Annealing},
  author={S. Kirkpatrick, C. D. Gelatt,  M. P. Vecchi},
  journal={Science, New Series},
  volume={220},
  number={4598},
  pages={671-680},
  year={1983},
}

@book{Aarts1989Simulated,
  title={Simulated annealing and boltzmann machines},
  author={Aarts, Emile and Korst, Jan},
  publisher={Jhon Wiley and Sons},
  year={1989},
}

@book{Feller1950An,
  title={An Introduction to Probability Theory and its Applications},
  author={Feller W.},
  publisher={John Wiley \& Sons},
  year={1950},
}

@book{Holland1975,
  title={Adaptation in Natural and Artificial Systems},
  author={John H. Holland},
  publisher={The MIT Press},
  year={1975},
}
